@article {MR1536430,
    AUTHOR = {Rudin, Mary Ellen},
     TITLE = {Reviews: {C}ounterexamples in {T}opology},
   JOURNAL = {Amer. Math. Monthly},
  FJOURNAL = {The American Mathematical Monthly},
    VOLUME = {78},
      YEAR = {1971},
    NUMBER = {7},
     PAGES = {803--804},
      ISSN = {0002-9890},
     CODEN = {AMMYAE},
   MRCLASS = {Contributed Item},
  MRNUMBER = {1536430},
       DOI = {10.2307/2318037},
       URL = {http://dx.doi.org/10.2307/2318037},
}

@incollection {MR1229141,
    AUTHOR = {Watson, Stephen},
     TITLE = {The construction of topological spaces: planks and
              resolutions},
 BOOKTITLE = {Recent progress in general topology ({P}rague, 1991)},
     PAGES = {673--757},
 PUBLISHER = {North-Holland, Amsterdam},
      YEAR = {1992},
   MRCLASS = {54-XX},
  MRNUMBER = {1229141},
}
